@book{feynman,
  title     = "{Surely You're Joking, Mr. Feynman!}",
  author    = "{Leighton, Ralph and Feynman, Richard}",
  year      = "1985",
  publisher = "W.W. Norton",
}

@book{tanenbaum,
  title     = "{Modern Operating Systems}",
  author    = "{Tanenbaum, S. Andrew}",
  publisher = "{Pearson Education International}",
  year      = "2007",
  edition   = "3rd",
  pages     = "279-279",
}

@book{hackers_and_painters,
  title     = "{Hackers \& Painters: Big Ideas from the Computer Age}",
  author    = "{Graham, Paul}",
  publisher = "{O'Reilly Media, Inc}",
  year      = "2004",
}

@book{trpl,
  title        = "{The Rust Programming Language}",
  author       = "{Klabnik, Steve and Nichols, Carol}",
  howpublished = "\url{https://doc.rust-lang.org/book/"}",
  publisher    = "{No Starch Press}",
  year         = "2018",
}

@book{why_rust,
  title        = "{Why Rust? Trustworthy, Concurrent Systems Programming}",
  author       = "{Blandy, Jim}",
  howpublished = "\url{https://www.oreilly.com/programming/free/files/why-rust.pdf}",
  publisher    = "{O'Reilly Media, Inc}",
  year         = "2015",
}

@book{gof,
  title     = "{Design Patterns: Elements of Reusable Object-Oriented Software}",
  author    = "{Gamma, Erich and Johnson, Ralph and Vlissides, John and Helm Richard}",
  publisher = "{Addison-Wesley}",
  year      = "1994",
}


@misc{google_plans_to_leverage,
  title        = "{Google plans to leverage G Drive for broader enterprise footprint, team management and collaboration}",
  author       = "{Dignan, Larry}",
  howpublished = "\url{https://goo.gl/DvTfXM}",
  note         = "[Online; accessed 13 June 2018]"
}

@misc{google_updates_drive_focus_on_business,
  title        = "{Google updates Drive with a focus on its business users}",
  author       = "{Lardinois, Frederic}",
  howpublished = "\url{https://goo.gl/tUU3CX}",
  note         = "[Online; accessed 18 June 2018]"
}

@misc{10_years_of_onedrive,
  title        = "{10 years of OneDrive: Microsoft OneDrive celebrates its 10th birthday}",
  author       = "{Gupta, Ankit}",
  howpublished = "\url{https://news.thewindowsclub.com/10-years-of-onedrive-90396/}",
  note         = "[Online; accessed 18 June 2018]"
}

@misc{icloud_hits_782m_users,
  title        = "{Apple Music passes 11M subscribers as iCloud hits 782M users}",
  howpublished = "\url{http://appleinsider.com/articles/16/02/12/apple-music-passes-11m-subscribers-as-icloud-hits-782m-users}",
  note         = "[Online; accessed 18 June 2018]"
}

@misc{box_hires_nasdaq_exec,
  title        = "{Box hires Nasdaq exec to head financial services practice}",
  howpublished = "\url{http://fortune.com/2015/08/19/box-financial-services/}",
  note         = "[Online; accessed 18 June 2018]"
}

@misc{dropbox_inc_registration_statement,
  title        = "{Registration statement of Dropbox, Inc.}",
  author       = "{Houston, W. Andrew}",
  howpublished = "\url{https://www.sec.gov/Archives/edgar/data/1467623/000119312518055809/d451946ds1.htm}",
  note         = "[Online; accessed 18 June 2018]"
}

@misc{icloud_website,
  title        = "{iCloud -- The best place for all your photos, files, and more.}",
  howpublished = "\url{https://www.apple.com/lae/icloud/}",
  note         = "[Online; accessed 18 June 2018]"
}
@misc{google_drive_ui_updates,
  title        = "{Google Drive UI updates}",
  howpublished = "\url{https://gsuiteupdates.googleblog.com/2018/05/google-drive-ui-updates.html}",
  note         = "[Online; accessed 13 June 2018]"
}

@misc{how_google_created_a_custom_material_theme,
  title        = "{How Google created a custom Material theme}",
  howpublished = "\url{https://material.io/articles/how-google-created-a-custom-material-theme.html#01}",
  note         = "[Online; accessed 13 June 2018]"
}

@misc{google_drive_android_app,
  title        = "{Google Drive Android App}",
  howpublished = "\url{https://play.google.com/store/apps/details?id=com.google.android.apps.docs}",
  note         = "[Online; accessed 13 June 2018]"
}


@misc{dropbox_android_app,
  title        = "{Dropbox Android App}",
  howpublished = "\url{https://play.google.com/store/apps/details?id=com.dropbox.android}",
  note         = "[Online; accessed 13 June 2018]"
}

@misc{one_drive_android_app,
  title        = "{OneDrive Android App}",
  howpublished = "\url{https://goo.gl/93Ffot}",
  note         = "[Online; accessed 13 June 2018]"
}

@misc{dropbox_acquires_dropbox_dot_com,
  title        = "{Dropbox Acquires The Domain Everyone Thought It Had: \url{Dropbox.com}}",
  author       = "{Kincaid, Jason}",
  howpublished = "\url{https://techcrunch.com/2009/10/13/dropbox-acquires-the-domain-everyone-thought-it-had-dropbox-com/}",
  note         = "[Online; accessed 13 June 2018]"
}

@misc{introducing_google_drive,
  title        = "{Introducing Google Drive\ldots yes, really}",
  author       = "{Pichai, Sundar}",
  howpublished = "\url{https://googleblog.blogspot.ro/2012/04/introducing-google-drive-yes-really.html}",
  note         = "[Online; accessed 13 June 2018]"
}

@misc{hands_on_with_the_google_drive_for_ios_app,
  title        = "{Hands-on with the Google Drive for iOS app: mostly read only}",
  author       = "{Gallagher, Sean}",
  howpublished = "\url{https://arstechnica.com/information-technology/2012/06/hands-on-with-the-google-drive-for-ios-app-mostly-read-only/}",
  note         = "[Online; accessed 13 June 2018]"
}

@misc{google_drive_for_linux_is_on_the_way,
  title        = "{Google Drive for Linux Is on the Way}",
  author       = "{Noyes, Katherine}",
  howpublished = "\url{https://www.pcworld.com/article/254488/google_drive_for_linux_is_on_the_way.html}",
  note         = "[Online; accessed 13 June 2018]"
}

@misc{how_long_since_google_said_hang_tight,
  title        = "{How long since Google said a Google Drive Linux client is coming}",
  author       = "{Voelker, Abe}",
  howpublished = "\url{https://abevoelker.github.io/how-long-since-google-said-a-google-drive-linux-client-is-coming/}",
  note         = "[Online; accessed 13 June 2018]"
}

@misc{introducing_backup_and_sync,
  title        = "{Introducing Backup and Sync for Google Photos and Google Drive}",
  author       = "{Sahney, Aakash and Loxton, David}",
  howpublished = "\url{https://www.blog.google/products/photos/introducing-backup-and-sync-google-photos-and-google-drive/}",
  note         = "[Online; accessed 13 June 2018]"
}

@misc{google_drive_is_being_replaced_by_backup_and_sync,
  title        = "{Google Drive is being replaced by Backup and Sync: What to expect}",
  author       = "{Hachman, Mark}",
  howpublished = "\url{https://www.pcworld.com/article/3223136/data-center-cloud/google-drive-is-being-replaced-by-backup-and-sync-what-to-expect.html}",
  note         = "[Online; accessed 13 June 2018]"
}

@misc{smartphone_ownership_usage_and_penetration_by_country,
  title        = "{Smartphone Ownership, Usage And Penetration By Country}",
  author       = "{Krumins, Carl}",
  howpublished = "\url{https://thehub.smsglobal.com/smartphone-ownership-usage-and-penetration}",
  note         = "[Online; accessed 13 June 2018]"
}

@misc{hard_drive_cost_per_gigabyte,
  title        = "{Hard Drive Cost Per Gigabyte}",
  author       = "{Klein, Andy}",
  howpublished = "\url{https://www.backblaze.com/blog/hard-drive-cost-per-gigabyte/}",
  note         = "[Online; accessed 13 June 2018]"
}

@misc{google_drive_pricing,
  title        = "{Google Drive Pricing Guide}",
  howpublished = "\url{https://www.google.com/drive/pricing/}",
  note         = "[Online; accessed 13 June 2018]"
}

@misc{dropbox_security_bug_made_passwords_optional_for_four_hours,
  title        = "{Dropbox Security Bug Made Passwords Optional For Four Hours}",
  author       = "{Kincaid, Jason}",
  howpublished = "\url{https://techcrunch.com/2011/06/20/dropbox-security-bug-made-passwords-optional-for-four-hours/}",
  note         = "[Online; accessed 13 June 2018]"
}

@misc{dropbox_hackers_stole_email_addresses,
  title        = "{Dropbox hackers stole e-mail addresses, hashed passwords from 68M accounts}",
  author       = "{Mendelsohn, Tom}",
  howpublished = "\url{https://arstechnica.com/information-technology/2016/08/dropbox-hackers-stole-email-addresses-hashed-passwords-68m-accounts/}",
  note         = "[Online; accessed 13 June 2018]"
}

@misc{google_drive_experiencing_outage,
  title        = "{Google Drive Experiencing Outage}",
  author       = "{Perez, Sarah}",
  howpublished = "\url{https://techcrunch.com/2013/03/18/google-drive-experiencing-intermittent-issues/}",
  note         = "[Online; accessed 13 June 2018]"
}

@misc{google_drive_and_docs_down,
  title        = "{Google Drive and Docs are down for some users, company is investigating}",
  author       = "{Woods, Ben}",
  howpublished = "\url{https://thenextweb.com/google/2014/10/27/google-drive-docs-users-company-investigating/}",
  note         = "[Online; accessed 13 June 2018]"
}

@misc{google_outage_apology,
  title        = "{Google Drive and Gmail are down for some users around the world}",
  author       = "{Woods, Ben}",
  howpublished = "\url{https://thenextweb.com/google/2016/01/26/google-drive-is-down-for-some-users-around-the-world/}",
  note         = "[Online; accessed 21 June 2018]"
}

@misc{gmail_google_drive_down,
  title        = "{Gmail, Google Drive down: many Google services hit by widespread outage}",
  author       = "{Griffin, Andrew}",
  howpublished = "\url{https://goo.gl/DFrM1v}",
  note         = "[Online; accessed 13 June 2018]"
}

@misc{google_suffered_a_meltdown,
  title        = "{Google suffered a meltdown as Gmail, Maps and YouTube went down}",
  author       = "{Mihov, Dimitar}",
  howpublished = "\url{https://thenextweb.com/google/2017/09/12/google-down-gmail-youtube-maps/}",
  note         = "[Online; accessed 13 June 2018]"
}

@misc{google_goes_down_for_5_minutes,
  title        = "{Google goes down for 5 minutes, Internet traffic drops 40\%}",
  author       = "{Svetlik, Joe}",
  howpublished = "\url{https://www.cnet.com/news/google-goes-down-for-5-minutes-internet-traffic-drops-40/}",
  note         = "[Online; accessed 13 June 2018]"
}

@misc{linux_market_share,
  title        = "{Linux Market Share}",
  howpublished = "\url{https://goo.gl/QPcwGZ}",
  note         = "[Online; accessed 13 June 2018]"
}

@misc{stack_overflow_developer_survey_results,
  title        = "{Developer Survey Results 2018}",
  howpublished = "\url{https://insights.stackoverflow.com/survey/2018/#technology}",
  note         = "[Online; accessed 13 June 2018]"
}

@misc{libfuse,
  title        = "{Libfuse repository on GitHub}",
  howpublished = "\url{https://github.com/libfuse/libfuse}",
  note         = "[Online; accessed 13 June 2018]"
}

@misc{rust_website,
  title        = "{Rust Website}",
  howpublished = "\url{https://www.rust-lang.org/en-US/}",
  note         = "[Online; accessed 13 June 2018]"
}

@misc{crates_io,
  title        = "{The Rust community's crate registry}",
  howpublished = "\url{http://crates.io}",
  note         = "[Online; accessed 13 June 2018]"
}

@misc{docs_rs,
  title        = "{Docs.rs}",
  howpublished = "\url{http://docs.rs}",
  note         = "[Online; accessed 21 June 2018]"
}

@misc{stack_overflow_most_loved,
  title        = "{Developer Survey Results 2018: most loved, dreaded and wanted technologies}",
  howpublished = "\url{https://insights.stackoverflow.com/survey/2018#most-loved-dreaded-and-wanted}",
  note         = "[Online; accessed 13 June 2018]"
}

@misc{sshfs,
  title        = "{SSHFS: A network filesystem client to connect to SSH servers}",
  howpublished = "\url{https://github.com/libfuse/sshfs}",
  note         = "[Online; accessed 13 June 2018]"
}

@misc{sftp,
  title        = "{SSH File Transfer Protocol}",
  howpublished = "\url{https://tools.ietf.org/html/draft-moonesamy-secsh-filexfer-00}",
  note         = "[Online; accessed 13 June 2018]"
}

@misc{wikipediafs,
  title        = "{WikipediaFS}",
  howpublished = "\url{http://wikipediafs.sourceforge.net/}",
  note         = "[Online; accessed 13 June 2018]"
}

@misc{fuse_crate,
  title        = "{Rust FUSE crate - Filesystem in Userspace}",
  howpublished = "\url{https://crates.io/crates/fuse}",
  note         = "[Online; accessed 13 June 2018]"
}

@misc{google_drive_rest_api_overview,
  title        = "{Google Drive REST API Overview}",
  howpublished = "\url{https://developers.google.com/drive/api/v3/about-sdk}",
  note         = "[Online; accessed 13 June 2018]"
}

@misc{google_apis_rs,
  title        = "{A binding and CLI generator for all Google APIs}",
  author       = "{Thiel, Sebastian}",
  howpublished = "\url{https://github.com/Byron/google-apis-rs}",
  note         = "[Online; accessed 13 June 2018]"
}

@misc{sebastian_thiel,
  title        = "{GitHub profile}",
  author       = "{Thiel, Sebastian}",
  howpublished = "\url{https://github.com/Byron}",
  note         = "[Online; accessed 13 June 2018]"
}

@misc{files_list_call,
  title        = "{Google Drive API: \codeword{files.list} endpoint}",
  howpublished = "\url{https://developers.google.com/drive/api/v3/reference/files/list}",
  note         = "[Online; accessed 13 June 2018]"
}

@misc{shared_with_me_error,
  title        = "{Google Drive SDK \codeword{sharedWithMe = false} search query not works}",
  howpublished = "\url{https://stackoverflow.com/questions/24515151/google-drive-sdk-sharedwithme-false-search-query-not-works}",
  note         = "[Online; accessed 13 June 2018]"
}

@misc{shared_with_me_error2,
  title        = "{Google API NodeJS Client Issue \#1136: \codeword{files.list} method returns ``Bad Request error 400'' when \codeword{sharedWithMe = false}}",
  howpublished = "\url{https://github.com/google/google-api-nodejs-client/issues/1136}",
  note         = "[Online; accessed 13 June 2018]"
}

@misc{shared_with_me_error3,
  title        = "{Google Drive API \codeword{sharedWithMe=false} causes ``500 Internal Server Error''}",
  howpublished = "\url{https://goo.gl/eshSvE}",
  note         = "[Online; accessed 13 June 2018]"
}

@misc{gdrivefs_ssl_handshake_error,
  title        = "{GDriveFS Issue \#195: SSLHandshakeError}",
  howpublished = "\url{https://github.com/dsoprea/GDriveFS/issues/195}",
  note         = "[Online; accessed 13 June 2018]"
}

@misc{google_drive3_fork,
  title        = "{Custom fork of the Google Drive API library for Rust}",
  howpublished = "\url{https://crates.io/crates/google-drive3-fork}",
}


@misc{dsoprea/GDriveFS,
  title        = "{GDriveFS -- An innovative FUSE wrapper for Google Drive.}",
  author       = "{Oprea, Dustin}",
  howpublished = "\url{https://github.com/dsoprea/GDriveFS}",
  note         = "[Online; accessed 17 June 2018]"
}

@misc{GDriveFS_README,
  title        = "{GDriveFS documentation}",
  author       = "{Oprea, Dustin}",
  howpublished = "\url{https://github.com/dsoprea/GDriveFS/blob/master/gdrivefs/resources/README.rst}",
  note         = "[Online; accessed 17 June 2018]"
}

@misc{astrada/google-drive-ocamlfuse,
  title        = "{astrada/google-drive-ocamlfuse -- FUSE filesystem over Google Drive}",
  author       = "{Strada, Alessandro}",
  howpublished = "\url{https://github.com/astrada/google-drive-ocamlfuse}",
  note         = "[Online; accessed 17 June 2018]"
}

@misc{thejinx0r/node-gdrive-fuse,
  title        = "{thejinx0r/node-gdrive-fuse -- a simple filesystem written in NodeJS to mount Google Drive as a local drive.}",
  author       = "{Yen, Eric}",
  howpublished = "\url{https://github.com/thejinx0r/node-gdrive-fuse}",
  note         = "[Online; accessed 17 June 2018]"
}

@misc{S2Games/drivefs,
  title        = "{S2Games/drivefs -- fuse file system for google drive written in pure go.}",
  author       = "{S2Games}",
  howpublished = "\url{https://github.com/S2Games/drivefs}",
  note         = "[Online; accessed 17 June 2018]"
}

@misc{BYVoid/gdrive,
  title        = "{BYVoid/gdrive -- A user-level filesystem wrapper of Google Drive}",
  author       = "{Kuo, Carbo}",
  howpublished = "\url{https://github.com/BYVoid/gdrive}",
  note         = "[Online; accessed 17 June 2018]"
}

@misc{jcline/fuse-google-drive,
  title        = "{jcline/fuse-google-drive -- A fuse filesystem wrapper for Google Drive}",
  author       = "{Cline, James}",
  howpublished = "\url{https://github.com/jcline/fuse-google-drive}",
  note         = "[Online; accessed 17 June 2018]"
}

@misc{thejinx0r/DriveFS,
  title        = "{thejinx0r/DriveFS -- A google drive fuse filesystem implemented in C++.}",
  author       = "{Yen, Eric}",
  howpublished = "\url{https://github.com/thejinx0r/DriveFS}",
  note         = "[Online; accessed 17 June 2018]"
}

@misc{zond/futon,
  title        = "{zond/futon -- Google Drive on FUSE}",
  howpublished = "\url{https://github.com/zond/futon}",
  note         = "[Online; accessed 17 June 2018]"
}
@misc{dweidenfeld/plexdrive,
  title        = "{dweidenfeld/plexdrive -- mounts your Google Drive FUSE filesystem (optimized for media playback)}",
  author       = "{Weidenfeld, Dominik}",
  howpublished = "\url{https://github.com/dweidenfeld/plexdrive}",
  note         = "[Online; accessed 17 June 2018]"
}
@misc{joe42/CloudFusion,
  title        = "{joe42/CloudFusion -- Linux file system (FUSE) to access Dropbox, Sugarsync, Amazon S3, Google Storage, Google Drive or WebDAV servers.}",
  howpublished = "\url{https://github.com/joe42/CloudFusion}",
  note         = "[Online; accessed 17 June 2018]"
}

@misc{ocaml,
  title        = "{The core OCaml system: compilers, runtime system, base libraries}",
  howpublished = "\url{https://github.com/ocaml/ocaml}",
  note         = "[Online; accessed 17 June 2018]"
}

@misc{ocaml-website,
  title        = "{OCaml}",
  howpublished = "\url{https://ocaml.org/}",
  note         = "[Online; accessed 17 June 2018]"
}


@misc{python_to_ocaml_retrospective,
  title        = "{Python to OCaml: Retrospective}",
  author       = "{Leonard, Thomas}",
  howpublished = "\url{http://roscidus.com/blog/blog/2014/06/06/python-to-ocaml-retrospective/}",
  note         = "[Online; accessed 13 June 2018]"
}

@misc{opam-depext-issue,
  title        = "{OPAM depext issue \#75: \codeword{opam install depext} fails on macOS}",
  howpublished = "\url{https://github.com/ocaml/opam-depext/issues/75}",
  note         = "[Online; accessed 13 June 2018]"
}

@misc{google-drive-ocamlfuse-aur,
  title        = "{google-drive-ocamlfuse installation}",
  howpublished = "\url{https://github.com/astrada/google-drive-ocamlfuse/wiki/Installation#archlinux}",
  note         = "[Online; accessed 13 June 2018]"
}

@misc{get_3tb_of_lifetime_cloud_storage,
  title        = "{Get 3TB of Lifetime Cloud Storage for Under \$70}",
  howpublished = "\url{https://www.thedailybeast.com/get-3tb-of-lifetime-cloud-storage-for-under-dollar70}",
  note         = "[Online; accessed 18 June 2018]"
}

@misc{how_the_habit_of_forgetting,
  title        = "{How the habit of forgetting became a \$10 billion business idea}",
  howpublished = "\url{http://theunvisited.in/how-habit-of-forgetting-became-10-billion-business-idea/}",
  note         = "[Online; accessed 18 June 2018]"
}

@misc{tree_man_page,
  title        = "{\codeword{tree} -- Linux man page}",
  howpublished = "\url{https://linux.die.net/man/1/tree}",
  note         = "[Online; accessed 18 June 2018]"
}

@misc{no_official_drive_app_for_linux,
  title        = "{Backup and Sync homepage - no Drive app for Linux}",
  howpublished = "\url{https://www.google.com/drive/download/backup-and-sync/}",
  note         = "[Online; accessed 21 June 2018]"
}

@misc{google_drive_reliability,
  title        = "{Google Drive Reliability}",
  howpublished = "\url{https://support.google.com/googlecloud/answer/6056635?hl=en}",
  note         = "[Online; accessed 21 June 2018]"
}

@misc{rust_vs_cpp_benchmark,
  title        = "{C++11 vs Rust comparison}",
  howpublished = "\url{https://github.com/dmitryikh/rust-vs-cpp-bench}",
  note         = "[Online; accessed 21 June 2018]"
}

@misc{changes_list_endpoint,
  title        = "{Drive \codeword{changes.list} endpoint}",
  howpublished = "\url{https://developers.google.com/drive/api/v3/reference/changes/list}",
  note         = "[Online; accessed 21 June 2018]"
}
